<?xml version="1.0" encoding="UTF-8"?><collection xmlns="http://www.loc.gov/MARC21/slim"><record><leader>00481nam--2200157-i-4500</leader><controlfield tag="001">000031016</controlfield><controlfield tag="002">20161230</controlfield><controlfield tag="005">20170128171536</controlfield><controlfield tag="008">060222s1000------------r-----000-0-eng-d</controlfield><datafield ind1=" " ind2=" " tag="080"><subfield code="a">621.375.826(043)</subfield></datafield><datafield ind1=" " ind2=" " tag="100"><subfield code="a">Mantion, Jean-Bernard</subfield></datafield><datafield ind1=" " ind2=" " tag="245"><subfield code="a">Laser a argon ionise: construction, etude des proprietes du rayonnement emis</subfield><subfield code="b">these</subfield></datafield><datafield ind1=" " ind2=" " tag="260"><subfield code="a">Besancon</subfield><subfield code="b">Faculte Des Sciences Et Des Techniques</subfield><subfield code="c">1972</subfield></datafield><datafield ind1=" " ind2=" " tag="300"><subfield code="a">63p. + 10 fig</subfield></datafield><datafield ind1=" " ind2=" " tag="852"><subfield code="a">40377</subfield></datafield><datafield ind1=" " ind2=" " tag="CAT"><subfield code="a">SYS</subfield><subfield code="c">20170128</subfield><subfield code="h">171536</subfield></datafield></record></collection>